<record><leader>00000cas a2200000 a 4500</leader><controlfield tag="001">9572968</controlfield><controlfield tag="008">830603c18819999vtuwr ne      0   a0eng d</controlfield><datafield ind1=" " ind2=" " tag="010"><subfield code="a">sn 97067613 </subfield></datafield><datafield ind1=" " ind2=" " tag="040"><subfield code="a">VTU</subfield><subfield code="b">eng</subfield><subfield code="c">VTU</subfield><subfield code="d">OCL</subfield><subfield code="d">NVN</subfield><subfield code="d">OCLCQ</subfield><subfield code="d">OCLCF</subfield><subfield code="d">OCLCO</subfield><subfield code="d">NVN</subfield><subfield code="d">DLC</subfield></datafield><datafield ind1="0" ind2=" " tag="022"><subfield code="a">2376-8371</subfield><subfield code="2">1</subfield></datafield><datafield ind1=" " ind2=" " tag="042"><subfield code="a">msc</subfield><subfield code="a">nsdp</subfield></datafield><datafield ind1=" " ind2=" " tag="043"><subfield code="a">n-us-vt</subfield></datafield><datafield ind1="0" ind2="0" tag="050"><subfield code="a">Newspaper</subfield></datafield><datafield ind1="0" ind2="0" tag="082"><subfield code="a">071</subfield><subfield code="2">23</subfield></datafield><datafield ind1=" " ind2="0" tag="222"><subfield code="a">News and citizen</subfield><subfield code="b">(Print)</subfield></datafield><datafield ind1="0" ind2="0" tag="245"><subfield code="a">News and citizen.</subfield></datafield><datafield ind1="3" ind2=" " tag="246"><subfield code="a">News &amp; citizen</subfield></datafield><datafield ind1=" " ind2=" " tag="260"><subfield code="a">Morrisville, Vt. ;</subfield><subfield code="a">Hyde Park, Vt. :</subfield><subfield code="b">L.H. lewis and H.C. Fisk</subfield></datafield><datafield ind1=" " ind2=" " tag="300"><subfield code="a">v. :</subfield><subfield code="b">ill. ;</subfield><subfield code="c">58 cm.</subfield></datafield><datafield ind1=" " ind2=" " tag="310"><subfield code="a">Weekly</subfield></datafield><datafield ind1="0" ind2=" " tag="362"><subfield code="a">Vol. 9, no. 40 (Dec. 22, 1881)-</subfield></datafield><datafield ind1=" " ind2=" " tag="530"><subfield code="a">Archived issues are available in digital format from the Library of Congress Chronicling America online collection.</subfield></datafield><datafield ind1=" " ind2=" " tag="580"><subfield code="a">Formed by the union of: Vermont citizen, and: Lamoille news.</subfield></datafield><datafield ind1=" " ind2="0" tag="651"><subfield code="a">Lamoille County (Vt.)</subfield><subfield code="v">Newspapers.</subfield></datafield><datafield ind1=" " ind2="0" tag="651"><subfield code="a">Vermont</subfield><subfield code="v">Newspapers.</subfield></datafield><datafield ind1=" " ind2="7" tag="651"><subfield code="a">Vermont.</subfield><subfield code="2">fast</subfield><subfield code="0">(OCoLC)fst01204305</subfield></datafield><datafield ind1=" " ind2="7" tag="651"><subfield code="a">Vermont</subfield><subfield code="z">Lamoille County.</subfield><subfield code="2">fast</subfield><subfield code="0">(OCoLC)fst01221237</subfield></datafield><datafield ind1=" " ind2="7" tag="655"><subfield code="a">Newspapers.</subfield><subfield code="2">fast</subfield><subfield code="0">(OCoLC)fst01423814</subfield></datafield><datafield ind1=" " ind2=" " tag="752"><subfield code="a">United States</subfield><subfield code="b">Vermont</subfield><subfield code="c">Lamoille</subfield><subfield code="d">Morrisville.</subfield></datafield><datafield ind1=" " ind2=" " tag="752"><subfield code="a">United States</subfield><subfield code="b">Vermont</subfield><subfield code="c">Lamoille</subfield><subfield code="d">Hyde Park.</subfield></datafield><datafield ind1="0" ind2="8" tag="776"><subfield code="i">Online version:</subfield><subfield code="t">News and citizen</subfield><subfield code="x">2376-838X</subfield><subfield code="w">(DLC)  2014218861</subfield><subfield code="w">(OCoLC)899079570</subfield></datafield><datafield ind1="1" ind2="4" tag="780"><subfield code="t">Lamoille news</subfield><subfield code="x">2376-8304</subfield><subfield code="w">(DLC)sn 87091094</subfield><subfield code="w">(OCoLC)16917802</subfield></datafield><datafield ind1="1" ind2="4" tag="780"><subfield code="t">Vermont citizen</subfield><subfield code="w">(DLC)sn 84023218</subfield><subfield code="w">(OCoLC)10842615</subfield></datafield><datafield ind1="4" ind2="1" tag="856"><subfield code="u">http://chroniclingamerica.loc.gov/lccn/sn97067613/issues</subfield></datafield></record>